2617 3428
1276 131 1302 173 8

302 275 394 320 quo
426 265 635 318 tempore
667 257 779 302 haec
811 263 919 300 nata
952 256 1011 300 sit
1044 255 1316 300 universitas
1350 239 1559 315 quaeque
1593 255 1751 301 eadem
1773 259 2046 318 tempestate
2068 254 2257 301 aliarum

298 344 474 405 patriae
513 349 698 388 nostrae
738 341 1083 386 universitatum
1124 339 1386 384 discrimina
1423 339 1595 384 fuerint
1638 347 1685 385 et
1727 341 1891 387 clades.
1965 339 2139 403 Nempe
2182 339 2261 399 qui

297 435 409 473 tunc
442 427 659 487 temporis
693 433 913 486 tyrannus
945 425 1104 484 iugum
1137 424 1371 485 imponere
1401 424 1505 470 orbi
1537 431 1764 470 terrarum
1797 421 2055 482 affectabat,
2089 425 2174 472 sibi
2194 424 2261 470 vi-

298 513 461 558 delicet
494 526 691 569 suaeque
714 509 1012 554 dominationi
1035 524 1214 563 cavens,
1248 509 1476 570 extirpare
1501 524 1559 554 ex
1587 524 1740 554 rerum
1771 516 1938 556 natura
1957 511 2041 557 has
2062 509 2260 557 liberalis

297 596 561 658 eruditionis
585 595 789 641 officinas
815 594 1049 654 cupiebat:
1075 601 1239 637 contra
1261 594 1582 653 sapientissimi
1607 594 1727 653 regis
1749 595 2048 640 beneficentia
2069 595 2135 640 ita
2157 609 2258 641 sen-

295 679 448 725 tientis
487 678 612 723 nulla
656 695 706 723 re
751 678 895 737 magis
936 678 1131 722 salutem
1173 679 1403 738 publicam
1443 678 1635 722 stabiliri
1676 680 1925 740 augerique
1964 695 2102 739 quam
2140 680 2260 725 laete

293 764 524 824 libereque
558 762 944 809 efflorescentibus
978 763 1237 808 litterarum
1272 764 1433 809 studiis
1465 763 1673 808 condidit
1694 764 1821 818 alias,
1856 765 1968 809 alias
1988 765 2262 811 instauravit

293 848 625 893 universitates.
692 846 793 901 Quo
827 847 1048 892 beneficio
1082 863 1188 892 vere
1229 848 1354 908 regio
1388 849 1453 893 ita
1487 848 1692 903 utamini,
1726 849 2081 906 commilitones,
2121 855 2173 895 ut
2213 848 2259 894 in

293 950 376 980 suo
410 932 603 994 quisque
636 948 802 994 genere
843 941 1028 978 strenue
1068 934 1355 979 elaborantes
1395 950 1494 979 eam
1535 934 1797 994 opinionem
1820 934 1982 979 'animo
2015 935 2259 990 imbibatis,

291 1019 404 1064 recti
438 1018 625 1079 verique
659 1018 818 1064 studio
846 1034 951 1080 non*
971 1018 1228 1064 litterarum
1261 1020 1398 1063 modo
1426 1019 1586 1063 florem
1610 1020 1689 1063 sed
1713 1019 1907 1063 salutem
1929 1020 2091 1080 populi
2112 1020 2259 1064 homi-

292 1118 492 1164 numque
525 1103 792 1149 societatem
826 1102 1065 1149 contineri.

421 1289 515 1339 Scr.
552 1290 752 1337 Berolini
786 1291 869 1338 cal.
906 1289 1001 1336 Ian.
1037 1289 1430 1336 MDCCCLXXV.
