2663 3568
380 389 470 438 τινὰ
499 387 713 444 Βασιλεία,
746 396 769 446 ἡ
804 391 844 438 δ’
877 389 1063 459 ἀόριστος
1094 391 1290 459 τυραννίς.
1323 389 1369 437 τὸ
1403 389 1448 446 δὴ
1480 390 1593 440 τέλος
1626 387 1804 444 ἑκάστης
1836 388 2040 437 πολιτείας
2073 392 2116 435 οὔ
2158 387 2223 435 δεῖ
2245 399 2343 436 λαν-

378 474 535 529 θάνειν,
569 480 768 544 αἱροῦνται
788 475 871 543 «γὰρ
891 475 947 522 τὰ
971 474 1069 542 πρὸς
1101 474 1147 522 τό
1178 477 1314 524 τέλος.
1346 472 1455 522 ἔστιν
1490 475 1530 522 δὲ
1562 475 1831 544 θημοκρατίας
1864 473 1933 531 μὲν
1966 474 2083 523 τέλος
2114 473 2343 543 ἐλευθερία,

378 560 624 628 ὄλιγαρχίας
656 560 696 607 δὲ
728 564 916 613 πλοῦτος,
950 560 1261 627 ἀριστοκρατίας
1294 560 1333 607 δὲ
1363 559 1417 607 τοὶ
1451 561 1536 627 περὶ
1556 560 1733 607 παιδείαν
1760 561 1828 608 καὶ
1849 559 1903 607 τοὶ
1926 558 2087 617 νόμιμα,
2121 558 2343 628 τυραννίδος

377 643 418 692 δὲ
451 641 636 706 φυλακή.
671 644 787 700 δῆλον
823 640 885 691 οὖν
924 644 984 693 ὅτι
1025 642 1078 692 τὰ
1117 642 1216 713 πρὸς
1247 642 1293 691 τὸ
1325 642 1438 693 τέλος
1471 642 1645 701 ἑκάστης
1678 643 1758 700 ἔθη
1793 645 1861 692 καὶ
1894 642 2043 704 νόμιμα
2076 643 2145 691 καὶ
2178 642 2342 707 συμφέ-

376 748 495 797 ροντα
528 727 748 799 διαιρετέον,
791 728 899 798 εἴπερ
940 731 1139 797 αἱροῦνται
1178 727 1277 797 πρὸς
1312 731 1435 776 τοῦτο
1475 729 1799 798 ἓπαναφέροντες.
1872 733 2139 779 omittimus
2173 732 2263 778 alia
2294 732 2341 778 in

378 817 449 862 his
485 832 601 878 quae
633 818 894 879 interpretis
929 817 1129 863 officium
1162 818 1394 878 requirere
1426 818 1653 862 videntur.
1725 819 1778 862 In
1815 834 1968 863 rerum
2002 826 2157 864 autem
2189 818 2340 880 publi-

378 917 537 948 carum
569 903 738 950 finibus
777 903 1085 950 describendis
1124 919 1227 949 cum
1267 918 1351 948 nec
1390 903 1617 965 tyrannis,
1662 904 1788 949 cuius
1828 899 2013 962 φυλακήν
2057 920 2156 951 esse
2199 905 2338 949 finem

377 988 547 1044 scribit,
580 988 873 1039 monarchiae
904 989 1008 1033 loco
1043 1003 1141 1033 esse
1172 988 1320 1050 possit
1342 996 1389 1033 et
1411 988 1449 1033 si
1471 989 1543 1032 vel
1571 989 1765 1032 maxime
1796 990 1941 1049 possit
1974 1005 2085 1045 esse,
2120 990 2338 1050 quoniam

364 1073 643 1117 'monarchia
680 1074 725 1117 in
768 1074 860 1118 duo
895 1073 1163 1133 gravissimo
1198 1073 1456 1117 discrimine
1490 1073 1697 1117 seiuncta
1729 1088 1895 1132 genera
1931 1075 2200 1133 dispescuit,
2243 1090 2335 1118 non

376 1157 668 1203 monarchiae
711 1159 792 1202 sed
820 1157 1074 1217 ‘utriusque
1126 1173 1283 1202 eorum
1329 1173 1547 1217 generum
1596 1157 1732 1201 finem
1774 1158 2015 1216 significari
2056 1175 2140 1218 par
2180 1158 2333 1212 fuerit,

375 1251 566 1303 apparet
605 1250 686 1287 aut
726 1243 868 1288 mirae
901 1243 1202 1303 negligentiae
1234 1243 1380 1287 teneri
1412 1242 1729 1297 Aristotelem,
1772 1243 1849 1302 qui
1889 1259 1990 1288 cum
2025 1243 2224 1302 quinque
2259 1259 2333 1287 res

375 1328 583 1387 publicas
623 1328 828 1388 posuerit
869 1335 998 1382 ante,
1040 1328 1209 1372 omisso
1242 1343 1383 1387 regno
1428 1334 1648 1386 quattuor
1686 1335 1867 1372 tantum
1906 1328 2180 1387 reliquarum
2218 1328 2332 1372 fines

375 1411 688 1467 declaraverit,
733 1418 815 1457 aut
853 1427 936 1473 per
975 1412 1197 1458 incuriam
1238 1410 1528 1456 librariorum
1568 1411 1773 1472 integrae
1811 1411 1919 1456 olim
1952 1411 2199 1456 sententiae
2232 1427 2332 1457 eam

374 1512 498 1541 nunc
536 1503 714 1557 partem
757 1496 1006 1541 desiderari
1049 1512 1165 1555 quae
1215 1496 1492 1557 explicatum
1537 1497 1665 1556 regni
1709 1497 1848 1539 finem
1890 1497 2162 1541 continebat.
2228 1497 2330 1541 Non

374 1582 690 1627 accusabimus
717 1581 1012 1627 Aristotelem
1045 1581 1360 1641 negligentiae,
1396 1581 1475 1641 qui
1511 1581 1596 1626 etsi
1629 1588 1699 1626 est
1731 1596 2072 1640 nonnumquam
2105 1582 2240 1641 paulo
2275 1583 2332 1627 de

374 1666 705 1712 conformanda
746 1667 954 1712 oratione
998 1665 1223 1722 securior,
1264 1673 1418 1712 tamen
1457 1666 1758 1712 necessariam
1793 1673 1970 1727 partem
2004 1666 2251 1711 sententiae
2284 1667 2329 1711 in

371 1758 467 1797 tam
500 1752 628 1798 brevi
660 1751 928 1813 praesertim
961 1751 1153 1798 circuitu
1186 1751 1390 1813 potuisse
1430 1751 1686 1812 relinquere
1726 1751 1851 1798 credi
1883 1767 1973 1807 non
2008 1758 2172 1812 potest.
2239 1751 2329 1796 Ita-

373 1851 463 1897 que
505 1837 594 1883 hoc
634 1837 861 1898 agendum
900 1842 969 1882 est
1009 1842 1059 1881 ut
1101 1836 1340 1898 explorato
1393 1838 1449 1882 de
1491 1851 1544 1882 ea
1585 1851 1635 1881 re
1677 1836 1788 1897 quid
1829 1836 2020 1882 senserit
2060 1836 2328 1881 Aristoteles

372 1908 512 1966 verba
546 1936 729 1982 quoque
763 1922 928 1981 quibus
962 1921 1037 1966 ille
1076 1936 1204 1965 suam
1240 1922 1519 1982 expressisse
1554 1922 1825 1965 sententiam
1857 1922 2085 1982 putandus
2126 1922 2185 1965 sit
2223 1935 2327 1965 cum

371 2007 524 2065 aliqua
555 2007 646 2051 fide
678 2021 1012 2066 recuperemus.
1077 2006 1131 2050 Id
1154 2007 1279 2065 quod
1303 2007 1344 2050 ei
1365 2022 1457 2051 non
1481 2006 1672 2065 contigit
1707 2007 1910 2065 quisquis
1943 2006 2113 2066 primus
2147 2006 2327 2050 defectu

371 2090 589 2136 orationis
634 2097 759 2136 recte
807 2090 1123 2139 animadverso
1163 2097 1398 2149 tamquam
1436 2090 1703 2135 Aristotelia
1742 2091 1895 2150 posuit
1943 2091 2080 2134 verba
2122 2105 2237 2148 quae
2279 2089 2326 2133 in

370 2174 555 2221 scholiis
595 2189 678 2235 per
719 2173 983 2220 Gom-adum
1015 2173 1291 2220 Neobarium
1326 2173 1511 2220 Parisiis
1545 2191 1584 2219 a.
1626 2176 1744 2219 1539
1785 2174 1917 2219 editis
1950 2173 2160 2234 leguntur
2192 2165 2327 2220 Βασι-

368 2256 477 2304 λείας
511 2254 551 2301 δὲ
582 2253 750 2313 ἐννόμως
781 2260 1025 2308 ἐπιστατεῖν,
1061 2275 1178 2318 quae
1211 2259 1395 2318 quidem
1427 2259 1591 2304 Petrus
1617 2259 1861 2314 Victorius,
1897 2259 1975 2319 qui
1999 2258 2163 2302 horum
2184 2258 2325 2302 libro-

367 2361 471 2411 rum
504 2344 840 2391 enarrationem
872 2345 1105 2406 praeclare
1137 2343 1388 2400 inchoavit,
1430 2352 1524 2390 tam
1566 2361 1593 2390 a
1630 2344 1719 2391 fide
1756 2344 1995 2399 librorum,
2042 2358 2237 2402 quorum
2276 2343 2324 2387 in

367 2430 493 2475 nullo
527 2437 792 2490 appareant,
829 2445 966 2489 quam
999 2447 1027 2475 a
1059 2431 1297 2486 sententia,
1334 2432 1519 2489 quando
1554 2431 1799 2475 secundum
1831 2429 1952 2488 leges
1975 2429 2197 2488 imperare
2219 2428 2324 2473 finis

367 2514 553 2574 quidem
585 2515 839 2583 regnixnon
872 2521 995 2560 recte
1030 2515 1222 2569 dicatur,
1256 2515 1405 2559 futilia
1438 2530 1535 2559 esse
1566 2522 1612 2558 et
1632 2515 1884 2558 reiectanea
1905 2513 2036 2556 nobis
2058 2513 2193 2572 plane
2215 2528 2323 2572 pro-

367 2599 507 2654 bavit,
541 2589 689 2659 neque
712 2598 948 2644 Osannum
983 2599 1063 2659 qui
1091 2615 1139 2645 se
1162 2600 1319 2645 eadem
1343 2600 1481 2644 verba
1503 2599 1549 2643 in
1573 2598 1728 2644 codice
1750 2597 1901 2656 aliquo
1933 2596 2096 2656 legisse
2124 2603 2326 2642 testatur

366 2683 413 2729 in
446 2683 665 2744 symbolis
697 2683 929 2763 litterariis
961 2683 1051 2730 vol.
1086 2683 1130 2729 II
1153 2700 1199 2745 p.
1226 2685 1285 2730 20
1320 2700 1411 2730 non
1444 2683 1614 2731 frustra
1647 2697 1800 2727 eorum
1833 2680 2138 2741 patrocinium
2171 2695 2324 2728 susce-

364 2767 486 2830 pisse
519 2783 771 2816 censemus.
838 2767 927 2815 Sed
949 2768 1217 2815 Aristoteles
1252 2783 1354 2815 cum
1388 2766 1570 2828 tyranni
1603 2773 1648 2812 et
1679 2765 1797 2826 regis
1833 2764 2136 2811 differentiam
2157 2765 2223 2811 ita
2245 2767 2323 2811 de-

363 2851 494 2898 finiat
524 2853 569 2898 in
605 2853 764 2899 ethicis
800 2855 843 2909 8,
889 2854 943 2898 12
978 2869 1023 2915 p.
1063 2855 1182 2897 1160
1217 2853 1245 2896 b
1278 2854 1304 2896 2
1346 2852 1364 2893 ὁ
1405 2847 1473 2905 μὲν
1512 2847 1592 2915 γὰρ
1633 2845 1900 2915 τύραννος-τὸ
1943 2849 2072 2906 ἑαυτῷ
2115 2847 2323 2916 συμφέρον

363 2940 524 2987 σκοπεῖ,
557 2938 575 2980 ὃ
609 2934 649 2980 δὲ
678 2931 883 2985 βασιλεὺς
914 2934 960 2981 τὸ
993 2938 1071 2980 τῶν
1105 2932 1352 3001 ἀρχομένων,
1387 2953 1414 2980 a
1447 2936 1610 2995 quibus
1644 2950 1735 2978 non
1759 2934 2000 2980 discedunt
2023 2952 2140 2995 quae
2162 2938 2323 2982 eadem

365 3023 422 3067 de
454 3038 504 3067 re
536 3022 582 3066 in
614 3022 810 3083 politicis
846 3024 888 3077 3,
930 3025 955 3066 7
991 3039 1035 3082 p.
1074 3005 1159 3066 1'27
1167 3024 1193 3065 9
1228 3038 1256 3066 a
1290 3022 1346 3065 33
1383 3028 1429 3065 et
1460 3022 1488 3065 b
1526 3023 1551 3064 6
1587 3020 1849 3066 scribuntur
1883 3023 2019 3064 καλεῖν
2053 3018 2092 3064 δ’
2116 3018 2322 3077 εἰώθαμεν

361 3106 440 3150 τῶν
478 3102 547 3159 μὲν
588 3106 819 3171 μοναρχιῶν
860 3103 930 3157 τὴν
965 3102 1063 3169 πρὸς
1102 3102 1147 3148 τὸ
1187 3102 1310 3148 κοινὸν
1350 3098 1677 3151 ἀποβλέπουσαν
1719 3101 1923 3170 συμφέρον
1957 3099 2264 3152 Βασιλείαν...
2296 3109 2320 3158 ἦ
