2663 3568
296 467 299 468 γ
360 418 460 449 ram
491 396 652 466 χωρίων
693 390 834 454 κτῆσις
872 394 1031 453 πλήθει
1070 396 1138 444 καὶ
1175 394 1347 455 μεγέθει
1385 396 1452 444 καὶ
1490 394 1634 444 κάλλει
1667 394 1946 466 διαφερόντων,
1980 392 2038 441 ἔτι
2071 392 2111 440 δὲ
2142 392 2321 440 ἐπίπλων

361 487 502 538 κτῆσις
523 482 591 531 καὶ
612 480 865 550 ἀνδραπόδων
891 481 966 528 καὶ
986 477 1269 539 βοσκημάτων
1294 481 1361 527 καὶ
1381 480 1537 536 πλήθει
1560 482 1627 528 καὶ
1649 480 1792 528 κάλλει
1816 477 2096 548 διαφερόντων,
2122 497 2320 543 quorum

359 571 472 617 haec
494 576 729 632 postrema
760 563 882 612 ἔτιδὲ
907 561 1169 633 διαφερόντων
1195 555 1231 613 λ3,
1264 576 1520 615 correctore
1551 570 1596 614 in
1614 570 1835 631 *margine
1867 568 2020 630 posita
2053 574 2160 612 sunt
2193 567 2320 626 (nam

359 655 555 701 Bekkeri
587 670 677 699 non
712 654 821 700 satis
846 660 1058 700 exactum
1083 661 1153 699 est
1174 645 1504 714 testimonium)
1538 663 1748 701 accurate
1781 654 2006 717 expressit
2029 652 2318 707 Dresdensis,

336 740 405 785 ”in
440 741 688 801 eademque
721 740 888 801 pagina
923 741 980 784 28
1017 738 1262 804 εὐεργετικῆς
1295 733 1411 799 δόξης
1444 740 1581 785 ceteri
1621 741 1723 785 libri
1764 741 1935 786 habent
1974 754 2153 794 omnes,
2198 753 2317 782 unus

360 825 633 873 Dresdensis
667 840 770 870 cum
808 824 1016 874 Parisino
1050 823 1299 888 εὖεργετικῆς
1332 820 1516 884 εὐδοξίας.
1586 825 1730 879 Quam
1773 827 1912 885 igitur
1951 826 2088 870 fidem
2128 823 2318 868 habebit

361 912 507 955 codex
540 910 618 969 qui
650 910 775 954 nulla
806 910 993 971 propria
1024 909 1194 954 virtute
1227 897 1414 970 insignis
1449 910 1508 954 sit
1540 912 1618 955 sed
1653 912 1710 955 sit
1743 912 1913 956 assecla
1946 911 2042 955 eius
2075 910 2205 954 testis
2242 908 2316 954 cui

359 1011 540 1040 omnem
573 996 738 1040 horum
770 992 991 1040 librorum
1023 996 1289 1039 memoriam
1323 995 1477 1039 deberi
1509 996 1792 1054 exploratum
1827 997 1924 1041 est?
1978 993 2159 1040 Nullam
2190 1010 2312 1039 vero.

357 1078 518 1138 Neque
550 1079 671 1123 enim
704 1094 786 1123 nos
821 1086 873 1122 ut
905 1086 1108 1124 nostram
1143 1080 1379 1122 foveamus
1413 1080 1680 1122 sententiam
1714 1080 1809 1122 eius
1848 1081 1951 1122 libri
1991 1080 2313 1123 auctoritatem

359 1163 628 1207 extollemus
660 1163 726 1207 ita
757 1163 1030 1216 ratiocinati,
1065 1163 1153 1207 etsi
1187 1163 1396 1207 universe
1421 1162 1613 1207 Parisini
1645 1164 1811 1208 codicis
1846 1164 2093 1224 scripturas
2126 1164 2312 1218 referat,

357 1264 493 1310 posse
526 1255 679 1292 tamen
711 1249 810 1291 fieri
843 1256 895 1292 ut
926 1248 1175 1308 peculiaria
1208 1248 1431 1306 quaedam
1466 1249 1709 1306 eademque
1742 1265 1849 1292 vera
1876 1264 1933 1292 ex
1956 1249 2043 1293 alio
2070 1266 2161 1307 quo
2185 1249 2312 1292 fonte

358 1335 554 1380 deducta
586 1340 752 1379 teneat.
801 1334 946 1379 Immo
982 1350 1073 1379 non
1108 1335 1234 1394 quod
1267 1334 1344 1378 illa
1377 1335 1515 1378 verba
1547 1334 1591 1378 in
1626 1334 1794 1394 scripto
1828 1335 1942 1380 libro
1966 1335 2181 1395 leguntur
2205 1349 2312 1379 vera

357 1433 456 1463 esse
490 1410 779 1473 arbitramur,
816 1405 892 1464 sed
929 1420 1036 1478 quia
1068 1419 1166 1479 ipsa
1198 1420 1311 1463 haec
1345 1420 1567 1463 sententia
1599 1420 1729 1479 plane
1772 1421 1921 1479 explet
1962 1421 2153 1479 legentis
2193 1420 2310 1464 desi-

358 1504 546 1559 derium,
582 1509 672 1549 non
707 1505 1049 1565 repudiabimus
1087 1504 1279 1567 ⁴feliciter
1310 1504 1547 1549 inventum
1589 1505 1714 1549 cuius
1755 1505 2016 1549 memoriam
2059 1505 2132 1549 ille
2178 1504 2308 1550 nobis

355 1587 471 1633 liber
512 1589 723 1634 servavit.
798 1588 919 1644 Quid
953 1589 1073 1634 enim
1121 1588 1453 1643 dubitabimus,
1500 1589 1721 1633 defectum
1756 1589 1972 1633 orationis
2012 1591 2125 1633 adeo
2165 1589 2331 1633 mani--

355 1672 522 1717 festum
563 1679 613 1717 ut
652 1679 878 1717 attentum
922 1673 1105 1732 quidem
1145 1674 1364 1717 lectorem
1402 1673 1557 1732 fugere
1598 1681 1791 1731 nequeat
1827 1674 2028 1733 potuisse
2067 1674 2156 1717 iam
2200 1674 2308 1716 olim

359 1774 386 1801 a
409 1759 545 1802 docto
568 1758 918 1817 Aristotelisque
941 1741 1031 1802 non
1055 1758 1214 1816 ignaro
1248 1758 1432 1801 homine
1456 1764 1501 1801 et
1524 1759 1734 1816 cognosci
1768 1766 1812 1802 et
1844 1766 1965 1803 recte
1998 1760 2056 1802 ad
2085 1765 2307 1802 mentem-

356 1858 451 1901 que
474 1843 707 1903 scriptoris
741 1843 1084 1888 accommodate
1107 1842 1338 1902 suppleri?
1378 1859 1479 1887 cum
1504 1842 1766 1902 praesertim
1790 1842 1923 1887 etiam
1947 1842 2052 1887 alibi
2076 1842 2120 1887 in
2143 1843 2306 1887 eodem

306 1975 316 1983 ⁴
354 1927 472 1972 libro
507 1927 679 1987 aliquid
712 1944 918 1972 seorsum
952 1929 1009 1972 ab
1044 1928 1313 1988 exemplaris
1346 1926 1539 1972 Parisini
1571 1928 1827 1973 testimonio
1867 1945 1958 1972 non
2001 1928 2095 1973 sine
2129 1928 2307 1972 ratione

341 2019 581 2064 ,tentatum
616 2013 1021 2073 deprehendamus.
1090 2012 1205 2058 Cum
1240 2013 1359 2057 enim
1394 2014 1437 2068 3,
1464 2015 1489 2057 9
1521 2030 1564 2073 p.
1595 2014 1708 2057 1409
1746 2013 1772 2057 b
1812 2015 1831 2056 1
1869 2013 1914 2057 in
1948 2012 2153 2058 Parisino
2186 2012 2304 2057 libro

353 2096 465 2142 haec
497 2079 707 2157 legantur
738 2094 848 2148 ἡδεῖα
880 2094 916 2140 δ’
945 2098 967 2148 ἡ
1001 2093 1161 2149 τοιαύτη
1195 2093 1344 2158 (λέξις)
1378 2094 1445 2140 καὶ
1477 2092 1683 2150 εὐμαθής,
1715 2093 1822 2148 ἡδεῖα
1854 2076 1929 2150 μὲν.
1954 2093 2017 2139 διὰ
2050 2094 2093 2140 τὸ
2125 2093 2307 2142 ἐναντίως

352 2175 463 2237 ἔχειν
497 2181 556 2237 τῷ
586 2176 795 2247 ἆπεξάντῳ
829 2179 896 2224 καὶ
917 2175 976 2226 ὅτι
998 2180 1076 2225 αἰεί
1091 2199 1129 2225 τι
1153 2178 1273 2225 οἴεται
1301 2176 1411 2238 ἔχειν
1435 2178 1685 2246 περαντωαὸ
1711 2178 1905 2246 ἀκροατὴς
1939 2179 2004 2224 καὶ
2036 2175 2305 2246 πεπεράσθαι

352 2282 391 2310 τι
424 2266 555 2322 αὐτῷ,
588 2265 837 2312 Vaticanus
871 2274 1024 2312 autem
1057 2267 1383 2328 Palatinusque
1417 2265 1481 2310 ἀεί
1514 2285 1551 2310 τι
1589 2264 1697 2321 ἔχειν
1733 2263 1850 2308 οἴεται
1878 2267 1895 2308 ὁ
1930 2263 2125 2330 ἀκροατὴς
2158 2266 2216 2321 τῷ
2247 2263 2307 2309 ἀεὶ

354 2346 614 2416 πεπεράνθω
648 2369 686 2395 τι
720 2351 965 2397 exhibeant
998 2353 1174 2398 abiecto
1210 2353 1379 2398 scilicet
1410 2353 1632 2398 vocabulo
1667 2369 1886 2416 περαντωα,
1920 2341 2044 2410 quod
2078 2367 2134 2396 ex
2168 2366 2302 2412 supe-

352 2438 473 2482 riore
506 2431 714 2502 ἅπεράντῳ
747 2453 830 2498 per
863 2453 1063 2483 errorem
1096 2439 1267 2483 factum
1305 2454 1403 2483 esse
1441 2438 1578 2482 hodie
1611 2444 1836 2491 statuunt,
1881 2436 2150 2481 Dresdensis
2189 2436 2305 2481 liber

351 2521 397 2565 in
442 2523 604 2566 ceteris
644 2522 754 2567 nihil
798 2522 998 2568 deflectit
1039 2539 1067 2566 a
1103 2523 1328 2577 Parisino,
1373 2540 1457 2583 pro
1506 2540 1714 2585 περαντωα
1762 2528 1912 2565 autem
1962 2537 2125 2565 nomen
2171 2522 2304 2581 ponit

351 2601 614 2670 περάντωμα,
650 2622 861 2652 successu
895 2607 1078 2665 quidem
1112 2608 1366 2668 corrigendi
1394 2607 1530 2651 dubio
1566 2607 1779 2665 (debebat
1802 2605 1920 2650 enim
1943 2600 2186 2669 περάτωμα)
2222 2607 2303 2651 sed

350 2691 538 2737 consilio
572 2698 743 2753 aperto,
1573 2693 1579 2697 ’

478 2777 581 2823 Suis
613 2777 752 2837 igitur
782 2778 1036 2823 rationibus
1068 2777 1221 2838 potius
1262 2793 1398 2836 quam
1431 2775 1588 2837 scripti
1621 2775 1723 2820 libri
1757 2774 2028 2820 auctoritate
2061 2775 2223 2830 stabit,
2265 2776 2304 2821 si

347 2863 487 2907 modo
522 2862 674 2917 stabit,
710 2878 763 2907 ea
796 2879 933 2922 quam
965 2869 1113 2907 ratam
1145 2863 1364 2907 habemus
1399 2861 1632 2907 sententia.
1698 2859 1951 2913 Discrimen
1994 2867 2147 2905 autem
2189 2860 2303 2906 illud

349 2946 473 3004 quod
506 2952 754 3005 tyrannum
786 2947 907 2992 inter
939 2953 984 2992 et
1015 2962 1169 3006 regem
1202 2945 1492 2992 constituisse
1525 2944 1813 2990 Aristotelem
1846 2951 2062 3005 putamus
2097 2961 2189 2991 non
2222 2945 2302 2991 illo

347 3029 491 3089 magis
515 3027 721 3091 tempore
753 3031 899 3076 valuit
934 3047 1070 3091 quam
1102 3031 1271 3075 valebit
1302 3030 1346 3074 in
1382 3045 1557 3085 aevum,
1592 3029 1895 3090 apparuitque
1930 3045 2033 3086 cum
2066 3030 2113 3074 in
2147 3031 2302 3076 multis

346 3113 482 3159 rebus
505 3121 602 3158 tum
626 3114 673 3157 in
698 3115 931 3160 doctrinae
953 3116 1265 3175 bonarumque
1288 3115 1540 3159 litterarum
1566 3115 1707 3158 cultu.
1757 3114 2142 3171 Reminiscamini‚
2166 3116 2302 3171 cives,
