2617 3428
317 278 386 337 μὲν
419 278 500 347 γὰρ
534 279 710 348 τυραννίς
742 284 831 326 ἐστι
863 277 1068 346 μοναρχία
1103 276 1200 347 πρὸς
1232 277 1277 325 τὸ
1312 276 1517 346 συμφέρον
1551 275 1701 325 τὸτοῦ
1735 264 2050 350 μοναρχοῦντος,
2084 301 2278 347 cumque

317 382 437 412 nunc
472 369 666 413 eundem
700 367 744 411 in
779 381 961 411 sensum
994 366 1250 426 tyrannidis
1284 366 1469 426 quidem
1501 366 1640 411 finem
1674 382 1773 412 esse
1808 368 1932 415 dicat
1957 366 2144 428 φυλακήν
2167 373 2212 416 h.
2237 387 2276 416 e.

317 452 570 499 custodiam
611 451 680 496 sui
721 477 782 483 —
825 466 879 495 eo
921 450 1040 494 enim
1080 450 1312 511 pertinent
1356 450 1510 495 omnia
1533 457 1854 511 *tyrannorum
1888 455 2080 500 consilia
2112 455 2278 517 quibus

317 554 448 582 suum
482 537 600 582 tueri
634 536 916 581 dominatum
950 533 1150 590 student,
1186 537 1242 580 de
1277 536 1442 595 quibus
1475 537 1647 580 multus
1683 543 1753 605 est
1781 537 2051 586 Aristoteles
2084 541 2131 585 in
2163 540 2279 602 poli-

314 622 511 691 ticorum
545 622 705 681 quinto
740 636 777 666 c.
818 623 871 664 11
908 648 985 676 ——,
1021 620 1062 664 ei
1097 620 1263 679 φυλακῇ
1296 637 1387 665 non
1422 621 1631 666 videatur
1665 621 1789 666 aliud
1826 623 1976 684 aptius
2019 641 2111 685 quo
2149 625 2279 686 'regni

314 707 405 750 vim
439 707 688 752 declararet
723 721 956 766 opponere
990 706 1195 766 potuisse
1230 722 1368 765 quam
1401 702 1643 769 εὐεργεσίαν.
1705 706 1933 752 ὃὶσθηίω
1974 709 2044 754 his
2077 710 2198 755 inter
2232 726 2279 755 se

314 791 534 852 copulatis
569 787 790 855 τυραννίδος
823 786 863 832 δὲ
896 787 1050 850 (τέλος)
1086 786 1267 846 φυλακή,
1310 783 1533 837 Βασιλείας
1565 786 1606 834 δὲ
1644 787 1854 856 εὐεργεσία
1887 808 1990 838 cum
2024 794 2279 854 tyrannidis

314 871 493 933 φυλακή,
529 876 657 921 cuius
692 876 784 920 vim
829 883 876 920 et
917 876 1191 920 sententiam
1235 876 1319 921 sibi
1362 892 1459 923 non
1495 876 1605 922 satis
1644 877 1830 937 planam
1870 892 1969 923 esse
2012 878 2280 940 Spengelius

310 962 543 1020 professus
567 967 649 1015 est,
687 961 877 1003 clariore
913 961 1049 1002 etiam
1083 961 1129 1002 in
1162 961 1265 1003 luce
1299 962 1357 1003 ob
1397 961 1542 1020 ipsam
1577 961 1910 1005 contrariorum
1939 962 2164 1007 rationem
2197 976 2296 1022 po-·

311 1050 460 1098 natur,
498 1052 598 1088 tum
633 1041 862 1107 εὐεργεσίαν
887 1060 979 1088 non
1002 1045 1164 1089 leviter
1187 1060 1241 1089 eo
1267 1045 1576 1090 commendari
1599 1052 1838 1105 putamus,·
1867 1047 1991 1104 quod
2013 1063 2106 1090 non
2131 1048 2278 1091 solum

310 1130 378 1171 ἀπ’
414 1126 645 1193 εὐεργεσίας
685 1130 905 1173 constitui
945 1146 1074 1188 reges
1125 1129 1284 1175 scribit
1322 1129 1593 1175 Aristoteles
1636 1130 1681 1174 in
1720 1129 1847 1175 libris
1892 1130 2091 1190 politicis
2134 1132 2175 1185 3,
2222 1134 2276 1176 15

309 1233 353 1277 p.
393 1218 511 1261 1286
549 1217 576 1261 b
617 1219 672 1261 10
707 1217 772 1274 (3,
803 1218 858 1260 14
894 1233 937 1276 p.
979 1218 1097 1260 1285
1134 1218 1162 1261 b
1201 1219 1248 1270 63
1286 1220 1327 1271 5,
1358 1218 1413 1260 10
1447 1233 1493 1276 p.
1534 1216 1653 1261 1310
1688 1216 1716 1260 b
1754 1216 1848 1272 34),
1884 1216 1964 1262 sed
1987 1216 2145 1262 eadem
2170 1233 2278 1263 con-

308 1302 446 1347 tineri
488 1302 597 1346 dicit
639 1302 883 1346 amicitiam
927 1302 1046 1361 regis
1089 1310 1135 1345 et
1176 1302 1336 1362 populi
1377 1317 1492 1359 quae
1536 1302 1659 1345 nulla
1699 1318 1795 1347 esse
1840 1302 1988 1361 possit
2033 1310 2279 1362 tyrannum

309 1388 430 1432 inter
463 1395 510 1431 et
544 1387 772 1432 subditos:
809 1384 918 1430 καθ’
956 1381 1131 1437 ἑκάστην
1172 1382 1211 1430 δὲ
1254 1385 1330 1430 τῶν
1368 1386 1575 1430 πολιτειῶν
1610 1382 1725 1441 φιλία
1760 1382 1958 1445 φαίνεται,
1992 1386 2053 1445 ἐφ’
2090 1379 2179 1431 ὅσον
2215 1383 2283 1430 καὶ

307 1467 352 1514 τὸ
387 1467 548 1520 δίκαιον,
582 1464 764 1519 βασιλεῖ
790 1467 858 1524 μὲν
895 1468 989 1536 πρὸς
1023 1467 1113 1516 τοὺς
1146 1465 1493 1525 βασιλευομένους
1536 1473 1572 1513 ἐν
1615 1472 1800 1536 ὑπεροχῇ
1843 1469 2089 1536 εὐεργεσίας.
2125 1466 2166 1513 εῧ
2199 1464 2280 1536 «γαρ

295 1558 417 1599 »ποιεῖ
442 1552 534 1601 τοὺς
565 1549 924 1609 βασιλευομένους,
960 1553 1066 1620 εἴπερ
1100 1552 1269 1607 ἀγαθὸς
1309 1549 1358 1598 ὢν
1392 1558 1637 1609 ἐπιμελεῖται
1672 1556 1816 1604 αὐτῶν,
1859 1552 1906 1598 ἵν’
1949 1549 1991 1598 εῧ
2033 1551 2281 1620 πράττωσιν,

312 1634 448 1704 ὥσπερ
484 1637 622 1693 νομεὺς
654 1634 932 1704 προβάτων..
952 1674 988 1682 ..
1024 1642 1060 1683 ἓν
1095 1637 1287 1704 τυραννίδι
1321 1637 1425 1684 οὐδὲν
1459 1634 1481 1692 ἢ
1513 1637 1647 1705 μικρὸν
1684 1638 1838 1698 φιλίας.
1880 1642 1917 1708 ἐν
1958 1638 2010 1686 οἷς
2044 1632 2125 1705 {acie
2166 1637 2280 1695 μηδὲν

312 1720 436 1769 κοινόν
470 1728 559 1770 ἐστι
592 1725 650 1781 τῷ
682 1718 853 1790 ἄρχοντι
887 1722 954 1768 καὶ
987 1723 1041 1781 τῷ
1076 1720 1415 1789 ἅρχομένῳ,ηοιῖδὲ
1438 1722 1567 1783 φιλία,
1593 1721 1676 1769 οὐδὲ
1696 1720 1779 1790 ’γὰρ
1803 1721 1963 1769 δίκαιον.
1989 1726 2079 1771 eth.
2104 1724 2277 1771 Nicom.

314 1814 355 1866 8,
396 1814 467 1856 13.
504 1829 548 1871 p.
591 1814 705 1855 1161
747 1829 773 1855 a
812 1815 882 1856 10.
922 1813 995 1856 32.

440 1897 611 1942 Verum
644 1926 706 1931 —
742 1896 812 1939 οὐκ
846 1892 939 1950 ἐμὸς
979 1897 996 1939 ὁ
1030 1894 1186 1950 μῦθος,
1228 1898 1379 1942 aiebat
1404 1888 1684 1957 Melanippa.
1759 1896 1983 1942 Nimirum
2025 1895 2165 1940 verba
2203 1895 2281 1940 illa

313 1998 430 2043 quae
461 1982 591 2027 reddi
624 1982 863 2028 Aristoteli
897 1983 1140 2026 suademus
1175 1983 1366 2027 totidem
1410 1982 1571 2027 litteris
1612 1989 1802 2027 exarata
1836 1989 1995 2026 extant
2036 1981 2080 2025 in
2124 1980 2279 2025 codice

311 2068 613 2113 bibliothecae
647 2067 799 2127 regiae
832 2067 1121 2122 Dresdensis,
1158 2068 1237 2127 qui
1270 2067 1532 2131 Aristotelis
1565 2067 1704 2129 libros
1745 2067 1801 2111 de
1843 2074 1940 2111 arte
1974 2065 2203 2110 rhetorica
2236 2072 2281 2109 et

311 2153 494 2213 poetica
527 2159 573 2197 et
606 2152 891 2197 Demetrium
917 2152 1190 2196 Phalereum
1220 2154 1276 2197 dc
1300 2153 1556 2197 elocutione
1588 2152 1804 2207 continet,
1841 2167 1978 2211 quem
2009 2149 2280 2194 memoravit

311 2237 512 2283 Naekius
545 2238 590 2282 in
617 2237 828 2283 Choerilo
863 2255 908 2298 p.
942 2240 1046 2292 111,
1081 2238 1340 2283 accuratius
1359 2237 1614 2299 *descripsit
1636 2237 1833 2282 Ebertus
1856 2236 1901 2281 in
1926 2236 2043 2281 libro
2068 2251 2160 2295 quo
2185 2234 2279 2279 eius

312 2324 620 2368 bibliothecae
653 2324 891 2369 historiam
927 2324 1163 2369 contexuit
1195 2341 1239 2384 p.
1267 2326 1373 2378 241,
1408 2323 1669 2369 Aristotelis
1704 2322 1931 2367 editorum
1965 2336 2098 2366 nemo
2134 2327 2184 2364 ut
2216 2319 2280 2364 vi-

312 2409 447 2453 detur
482 2409 732 2469 usurpavit.
800 2409 917 2453 Eum
941 2425 1050 2453 vero
1074 2409 1255 2461 librum,
1293 2409 1370 2468 qui
1392 2408 1563 2453 Eberto
1587 2415 1778 2469 propter
1801 2414 1995 2453 stemma
2018 2406 2280 2451 chartarum

312 2493 518 2538 Venetiis
553 2501 769 2538 exaratus
794 2493 1048 2548 videbatur,
1074 2493 1374 2554 apographon
1398 2509 1497 2539 esse
1521 2492 1617 2537 eius
1642 2492 1916 2553 exemplaris
1940 2490 2066 2551 quod
2090 2488 2281 2534 Victorii

313 2585 465 2623 aetate
500 2585 546 2623 et
578 2578 728 2639 ipsum
761 2578 806 2622 in
841 2578 972 2623 Italia
1005 2589 1117 2634 erat,
1153 2594 1275 2624 nunc
1309 2585 1378 2623 est
1409 2578 1529 2623 inter
1550 2577 1731 2623 codices
1754 2576 1984 2622 Parisinos
2013 2576 2148 2629 1741,
2183 2588 2280 2618 cer-

312 2664 488 2710 tissima
521 2663 687 2709 indicia
719 2666 944 2725 produnt:
980 2665 1107 2709 velut
1141 2670 1192 2708 ut
1225 2680 1371 2726 pauca
1405 2663 1662 2725 speciminis
1685 2644 1787 2709 loco
1822 2661 2088 2714 delibemus,
2124 2659 2170 2703 in
2192 2659 2280 2704 hoc

313 2748 414 2808 ipso
449 2749 505 2793 de
540 2765 633 2808 quo
669 2749 859 2795 dicimus
894 2750 1041 2810 capite
1076 2765 1180 2794 cum
1214 2749 1426 2810 vulgetur
1457 2749 1595 2809 inque
1624 2748 1750 2794 libris
1782 2747 2022 2799 Vaticano⁷
2056 2743 2279 2800 Palatino,

315 2849 512 2892 quorum
544 2812 1064 2880 testimonia-Bekkerus
1099 2834 1355 2895 perscribit,
1390 2834 1566 2880 feratur
1589 2850 1633 2896 p.
1665 2835 1783 2879 1365
1810 2834 1839 2884 b
1866 2833 1926 2877 34
1956 2825 2067 2874 κατὰ
2089 2825 2280 2878 παιδείαν,

314 2933 360 2978 p.
399 2919 516 2962 1366
550 2935 577 2963 a
608 2923 633 2963 5
669 2915 766 2983 πρὸς
800 2915 993 2968 παιδείαν,
1036 2919 1309 2964 Dresdensis
1344 2935 1447 2964 cum
1480 2907 1687 2963 Parisino
1723 2913 1833 2961 κατὰ
1865 2912 1933 2967 τὴν
1969 2910 2162 2963 παιδείαν,
2197 2912 2283 2972 περὶ

317 2997 495 3044 παιδείαν
530 3004 730 3059 exhibet,
766 3011 812 3048 et
839 3007 878 3059 1,
912 3008 937 3048 5
968 3006 1160 3065 p..1361
1188 3022 1216 3049 a
1241 3006 1295 3049 13
1332 3005 1451 3050 hanc
1484 3003 1826 3061 memorabilem
1858 2999 2053 3047 Parisini
2087 2999 2280 3060 scriptu-

2562 91 2577 109 ιί
2584 84 2592 105 ἒ
2600 108 2602 112 ,

2589 115 2612 135 ὲέ

2585 143 2595 158 q
2601 145 2615 153 ι

2585 161 2604 186 θ’(
2612 170 2617 179 ¹

2566 211 2569 222 ¹
2582 214 2617 240 ’.ῗη

2586 239 2617 271 7⁷²³

2575 279 2577 281 '
2591 273 2617 310 Ξ
