2617 3428
2128 147 2188 158 -s-

1319 154 1346 196 4

312 284 315 286 ’
354 281 650 325 honestatum
682 278 729 324 in
765 278 1112 324 desuetudinem
1145 277 1291 332 abire,
1334 277 1413 322 sed
1460 275 1528 321 usi
1570 274 1771 336 collegae
1805 294 1935 326 suam
1969 260 2100 330 nobis
2135 296 2315 343 operam

357 363 692 411 commodantis
725 364 963 409 voluntate
997 379 1253 425 pergemus,
1288 362 1634 416 commilitones,
1670 377 1762 406 non
1797 365 1945 410 nudos
1979 369 2110 413 vobis
2134 369 2216 413 hos
2249 367 2314 410 in-

357 449 480 495 dices
510 449 676 494 offerre
709 450 790 494 sed
823 455 982 494 auctos
1006 455 1086 494 aut
1108 447 1418 493 admonitione
1442 447 1595 507 aliqua
1627 447 1684 491 de
1718 447 1977 495 studiorum
1999 453 2175 498 ratione
2196 456 2315 496 recte

355 533 557 579 ineunda
589 538 670 578 aut
702 531 1014 594 disputatione
1049 547 1072 577 e
1106 521 1422 578 communibus
1465 529 1628 576 litteris
1670 545 1786 590 quae
1829 531 1938 578 olim
1976 535 2144 583 rectius
2182 549 2315 595 quam

354 618 492 663 hodie
525 618 808 662 vocabantur
840 617 998 678 petita.
1058 618 1209 676 Atque
1244 615 1474 661 ordiemur
1495 616 1614 661 hanc
1637 614 1768 675 quasi
1790 630 1956 662 novam
1980 620 2316 679 prooemiorum

355 703 517 748 seriem
550 718 578 745 a
611 702 912 761 disceptando
947 701 1207 745 Aristotelis
1241 701 1358 755 loce,
1402 702 1482 761 qui
1518 715 1621 745 cum
1655 714 1846 745 mancus
1879 701 1925 744 in
1960 703 2233 750 editionibus
2255 703 2317 748 fe-

357 794 501 842 ratur,
535 787 745 831 videmur
777 786 911 831 nobis
945 787 1003 830 ad
1037 801 1166 830 suam
1202 801 1417 831 revocare
1450 785 1757 847 integritatem
1791 800 1928 847 posse
1962 794 2007 832 et
2039 789 2104 834 ita
2137 796 2188 834 ut
2221 804 2318 834 sen-

352 872 541 915 tentiam
585 872 771 931 quidem
812 872 958 931 ipsam
1000 887 1139 930 quam
1180 871 1493 931 recuperaturi
1538 886 1693 915 sumus
1733 871 1979 931 probatum
2019 872 2075 916 iri
2107 880 2317 933 putemus

354 957 490 1001 etiam
523 956 578 1000 iis
613 956 692 1015 qui
725 956 769 999 in
804 956 940 1014 longe
974 955 1166 998 diversis
1199 954 1457 999 litterarum
1492 955 1662 1015 campis
1696 955 1836 1015 positi
1868 955 1951 998 has
1984 971 2118 1001 curas
2142 958 2318 1002 criticas

351 1042 447 1085 fere
482 1046 775 1085 contemnere
809 1047 856 1083 et
890 1039 1125 1099 aspernari
1160 1040 1347 1083 soleant.

481 1125 628 1185 Igitur
659 1124 932 1169 Aristoteles
966 1124 1011 1168 in
1046 1124 1157 1168 artis
1191 1124 1446 1169 rhetoricae
1475 1124 1591 1168 libro
1615 1124 1764 1184 primo
1787 1130 2089 1184 posteaquam
2114 1126 2321 1171 universe

353 1212 409 1255 de
440 1212 561 1255 bono
602 1216 648 1254 et
680 1209 780 1254 utili
805 1209 932 1254 locos
968 1209 1086 1253 unde
1121 1210 1342 1254 suadendi
1376 1209 1759 1269 dissuadendique
1793 1217 2065 1269 argumenta
2098 1211 2322 1255 ducantur

353 1295 589 1356 exposuit,
634 1293 996 1338 efficacissimum
1035 1293 1325 1354 maximeque
1365 1294 1423 1337 ad
1465 1293 1832 1354 persuadendum
1876 1292 2137 1355 appositum
2178 1309 2319 1354 genus

352 1379 655 1424 concionandi
689 1393 787 1423 esse
822 1379 979 1422 scribit
1015 1380 1140 1437 quod
1174 1378 1241 1422 rei
1273 1379 1483 1437 publicae
1525 1379 1775 1423 commodis
1817 1393 1869 1422 ac
1910 1378 2114 1422 moribus
2155 1393 2319 1423 conve-

351 1464 481 1509 niens
515 1464 587 1509 sit.
654 1461 805 1518 Quare
840 1463 1057 1523 quoniam
1093 1479 1183 1508 non
1219 1464 1376 1508 eadem
1412 1462 1565 1508 omnia
1597 1463 1643 1508 in
1679 1463 1803 1508 omni
1836 1479 1886 1508 re
1918 1463 2101 1524 publica
2125 1479 2317 1523 sequan-

349 1555 428 1594 tur
461 1547 492 1593 ii
525 1562 664 1609 penes
699 1563 815 1609 quos
849 1547 917 1593 vis
952 1548 1011 1593 sit
1040 1554 1085 1593 et
1110 1547 1373 1604 auctoritas,
1409 1548 1615 1608 homines
1651 1555 1802 1594 autem
1838 1547 2107 1609 plerumque
2138 1564 2190 1594 ea
2219 1553 2318 1593 tan-

348 1640 448 1677 tum
482 1632 567 1677 sibi
586 1633 858 1694 appetenda
891 1648 990 1678 esse
1025 1632 1289 1678 existiment
1322 1649 1440 1694 quae
1475 1634 1729 1680 conducere
1758 1634 1803 1680 h.
1831 1648 1868 1678 e.
1894 1648 1997 1679 cum
2021 1633 2088 1679 rei
2109 1633 2317 1695 publicae

350 1719 496 1763 salute
530 1717 778 1762 coniuncta
811 1732 909 1762 esse
943 1718 1158 1773 iudicent,
1194 1718 1374 1764 novisse
1408 1724 1623 1780 oportere
1657 1725 1887 1763 oratorem
1923 1733 2041 1779 quae
2075 1718 2134 1764 sit
2167 1718 2316 1764 cuius-

351 1818 439 1862 que
472 1792 538 1846 rei
571 1803 780 1862 publicae
814 1803 882 1846 vis
919 1809 965 1845 et
997 1810 1164 1846 natura
1195 1803 1401 1862 finesque
1434 1810 1698 1863 perspectos
1732 1804 1901 1847 habere
1941 1804 1997 1847 ad
2042 1818 2158 1863 quos
2200 1803 2315 1846 refe-

348 1894 501 1931 rentes
525 1887 714 1931 consilia
736 1894 817 1931 aut
840 1888 1056 1930 salutaria
1081 1895 1162 1931 aut
1184 1888 1438 1947 perniciosa
1460 1888 1660 1932 habituri
1684 1888 1774 1932 sint
1791 1888 2036 1933 auditores.
2089 1887 2316 1941 Quattuor

349 1978 504 2015 autem
535 1986 688 2016 rerum
721 1970 1009 2031 publicarum
1041 1971 1213 2015 formas
1255 1971 1326 2016 vel
1368 1971 1585 2030 quoniam
1617 1971 1885 2016 monarchia
1923 1972 2094 2032 duplex
2135 1978 2203 2016 est
2237 1978 2317 2015 aut

346 2055 554 2115 tyrannis
588 2061 669 2099 aut
699 2069 891 2115 regnum
926 2052 1127 2115 quinque
1159 2062 1367 2100 recenset
1400 2071 1491 2100 non
1518 2070 1572 2100 ea
1594 2071 1715 2101 nunc
1738 2055 2041 2104 distribuendi
2063 2054 2314 2100 subtilitate
2375 2036 2382 2043 .

346 2156 457 2185 usus
491 2155 629 2199 quam
662 2140 708 2183 in
744 2141 900 2184 eadem
936 2155 1074 2184 causa
1108 2147 1290 2185 secutus
1327 2147 1397 2185 est
1438 2140 1484 2184 in
1517 2140 1644 2185 libris
1678 2140 1895 2201 politicis,
1939 2141 2018 2186 sed
2054 2139 2312 2187 notissimas

347 2224 507 2286 selegit
537 2225 709 2270 formas
744 2240 991 2285 earumque
1023 2224 1136 2269 fines
1172 2224 1373 2270 breviter
1407 2226 1484 2271 sed
1527 2225 1636 2271 satis
1678 2226 1737 2271 ad
1780 2226 1899 2272 hanc
1936 2241 2032 2271 rem
2075 2223 2313 2286 perspicue

346 2310 596 2356 constituit.
665 2309 832 2355 Scribit
865 2316 1018 2354 autem
1052 2326 1089 2355 c.
1127 2313 1153 2353 8
1189 2327 1234 2370 p.
1275 2313 1394 2355 1365
1430 2312 1459 2354 b
1496 2313 1553 2354 29
1596 2337 1657 2343 —
1698 2326 1983 2372 apponemus
2018 2309 2137 2355 enim
2170 2310 2311 2353 verba

344 2395 446 2455 ipsa
491 2402 542 2438 ut
584 2395 852 2448 traduntur,
896 2410 989 2454 quo
1032 2394 1209 2439 facilius
1251 2410 1346 2464 qua
1384 2401 1515 2455 parte
1555 2395 1716 2439 mutila
1749 2410 1847 2440 esse
1886 2395 2130 2440 videantur
2170 2408 2310 2452 appa-

344 2485 446 2524 reat
477 2506 540 2512 -—
573 2474 667 2521 εἰσὶν
702 2473 742 2520 δὲ
774 2479 972 2521 πολιτεῖαι
1005 2472 1206 2543 τέτταρες,
1241 2475 1488 2543 δημοκρατία
1520 2476 1745 2542 ὀλιγαρχία
1767 2474 2058 2544 ἀριστοκρατία
2092 2475 2311 2540 μοναρχία,

345 2557 453 2606 ὥστε
486 2559 531 2607 τὸ
566 2557 633 2616 μὲν
670 2555 798 2627 κύριον
833 2559 901 2605 καὶ
934 2558 979 2605 τὸ
1015 2564 1139 2627 κρῖνον
1174 2559 1325 2607 τούτων
1360 2559 1404 2607 τί
1429 2564 1537 2607 ἐστιν
1562 2559 1635 2606 αἰεὶ
1664 2558 1794 2627 μόριον
1818 2556 1841 2615 ἢ
1862 2555 2105 2607 ἵλον.“ἓ’στιν
2130 2556 2170 2604 δὲ
2190 2557 2309 2615 δημο-

345 2644 490 2713 κρατία
523 2642 591 2701 μὲν
626 2643 810 2689 πολιτεία
842 2647 879 2689 ἐν
914 2641 940 2704 ᾗ
972 2641 1103 2712 κλήρῳ
1138 2643 1385 2700 διανέμονται
1418 2643 1492 2709 τᾲς
1526 2642 1677 2713 ἀρχάς,
1713 2644 1937 2713 ὀλιγαρχία
1971 2642 2010 2690 δὲ
2042 2646 2079 2688 ἐν
2113 2639 2140 2704 ᾖ
2171 2646 2206 2688 οἱ
2232 2640 2311 2688 ἀπὸ

342 2728 591 2785 τιμημάτων,
626 2729 917 2795 ἀριστοκρατία
950 2727 990 2773 δὲ
1021 2732 1057 2773 ἓν
1091 2727 1118 2789 ᾗ
1148 2728 1257 2774 κατὰ
1292 2728 1360 2783 τὴν
1396 2729 1594 2774 παιδείαν.
1631 2728 1808 2775 παιδείαν
1839 2728 1879 2775 δὲ
1908 2726 2019 2784 λέγω
2049 2725 2117 2780 τὴν
2139 2725 2217 2772 ὑπὸ
2240 2728 2310 2772 τοῦ

344 2810 461 2869 νόμου
495 2811 689 2869 κειμένην.
724 2818 760 2858 οἱ
788 2811 871 2880 γὰρ
905 2811 1220 2870 ἕμμεμενηκᾶτες
1253 2819 1290 2860 ἓν
1326 2819 1406 2862 τοῖς
1441 2814 1614 2871 νομίμοις
1642 2819 1679 2859 ἒν
1703 2816 1749 2875 τῇ
1773 2811 2065 2882 ἀριστοκρατίᾳ
2098 2808 2309 2878 ἄρχουσιν,

341 2894 496 2952 ἀνάγκη
530 2896 570 2943 δὲ
601 2895 766 2946 τούτους
798 2897 1027 2958 φαίνεσθαι
1060 2900 1259 2966 ἀξία-τους,
1295 2895 1393 2945 ὅθεν
1429 2899 1496 2945 καὶ
1529 2897 1703 2955 τοῦνομα
1741 2897 1902 2959 εἴληφεν
1938 2899 2067 2944 τοῦτο.
2102 2896 2307 2964 μοναρχία
2342 2901 2346 2904 ’

343 2980 379 3026 δ’
413 2981 519 3027 ἐστὶν
554 2981 664 3028 κατὰ
686 2978 861 3040 τοῦνομα
893 2987 930 3028 ἐν
964 2981 990 3042 ᾗ
1018 2982 1069 3031 si}
1102 2982 1292 3030 ἁπάντων
1328 2981 1459 3049 κύριός
1491 2988 1618 3030 ἐστιν.
1653 2981 1804 3030 τούτων
1839 2982 1879 3029 δὲ
1911 2980 2025 3039 ἡμὲν
2050 2980 2160 3027 κατὰ
2191 2978 2306 3044 τάξιν
