2663 3568
724 836 1332 913 VNIVERSITATIS
1368 837 1901 897 LITTERARIAE

936 970 1303 1016 FRIDERICAE
1340 969 1687 1018 GVILELMAE

564 1107 1112 1188 RECTOR
1174 1110 1338 1186 ET
1404 1108 2055 1190 SENATVS.

334 1333 588 1443 Augusti
611 1384 826 1430 Boeckhii
861 1399 1004 1444 nuper
1038 1384 1186 1428 editus
1221 1384 1547 1444 opusculorum
1581 1384 1693 1429 liber
1727 1392 1927 1445 quartus,
1954 1386 2031 1445 qui
2053 1385 2289 1446 prooemia

336 1468 393 1511 ab
435 1483 488 1512 eo
531 1468 656 1513 iussu
702 1476 747 1513 et
791 1468 1061 1513 auctoritate
1103 1469 1410 1513 universitatis
1444 1469 1687 1513 lectionum
1728 1471 2082 1516 academicarum
2121 1470 2290 1514 tabulis

335 1553 584 1612 praemissa
616 1553 949 1613 complectitur,
985 1553 1150 1598 mirum
1185 1560 1406 1615 quantum
1440 1554 1629 1613 legentis
1663 1554 1860 1598 animum
1893 1562 2017 1599 tenet
2050 1554 2287 1613 iuvatque:

338 1652 441 1682 cum
475 1638 591 1683 enim
629 1654 744 1698 quae
778 1638 852 1682 ille
886 1638 1024 1697 longo
1065 1638 1284 1698 temporis
1328 1645 1477 1684 tractu
1518 1639 1673 1683 eadem
1714 1639 1846 1684 certis
1879 1639 2125 1683 intervallis
2160 1640 2289 1684 rede-

337 1729 447 1768 unte
481 1723 824 1784 opportunitate
859 1723 1117 1783 scripserat,
1161 1739 1282 1768 nunc
1317 1740 1409 1768 uno
1443 1724 1672 1769 volumine
1706 1724 2030 1784 comprehensa
2063 1724 2288 1783 legantur,

337 1809 532 1854 fortasse
565 1809 709 1870 magis
745 1809 880 1855 etiam
915 1825 1037 1860 nunc
1072 1825 1210 1870 quam
1243 1816 1339 1855 tum
1375 1825 1477 1855 cum
1513 1817 1613 1854 orta
1644 1816 1747 1855 sunt
1771 1809 2040 1870 singularem
2075 1809 2169 1855 eius
2205 1809 2290 1855 viri

339 1895 643 1954 eloquentiam
679 1897 901 1957 produnt,
946 1895 1024 1955 qui
1064 1895 1157 1940 sive
1198 1895 1528 1941 commilitones
1569 1896 1692 1955 quod
1734 1911 1865 1955 saepe
1898 1895 2092 1940 faciebat
2125 1895 2183 1938 ad
2215 1894 2289 1939 lit-

336 1987 538 2026 terarum
578 1981 729 2026 studia
768 1983 1045 2026 admonebat
1078 1981 1398 2039 excitabatque
1439 1981 1533 2025 sive
1576 1997 1633 2025 ex
1674 1980 1984 2040 copiosissimo
2023 1980 2289 2025 eruditionis

336 2080 456 2126 penu
497 2068 737 2127 promebat
777 2083 868 2127 quo
912 2066 1087 2112 litteras
1128 2066 1339 2126 antiquas
1379 2066 1648 2120 illustraret,
1694 2065 1863 2126 pariter
1906 2064 2181 2109 admiramur
2222 2065 2288 2109 fe-

335 2150 432 2197 licis
467 2151 634 2211 ingenii
667 2152 759 2196 vim
792 2153 1049 2212 laetamque
1083 2151 1297 2212 nullaque
1331 2151 1579 2196 acrimonia
1612 2151 1798 2195 tinctam
1843 2149 2019 2195 dicendi
2053 2150 2287 2209 disputan-

337 2235 473 2295 dique
516 2243 811 2282 venustatem.
884 2237 1051 2282 Postea
1090 2243 1352 2282 senescente
1394 2237 1483 2280 iam
1523 2235 1751 2280 Boeckhio
1794 2234 1954 2279 Carolo
1995 2234 2287 2280 Lachmann«)

336 2321 455 2365 idem
493 2322 719 2366 scribendi
753 2323 955 2367 officium
989 2322 1183 2382 insignia
1216 2322 1393 2381 aliquot
1426 2322 1659 2366 doctrinae
1702 2329 1746 2365 et
1790 2319 2005 2364 acuminis
2039 2320 2289 2378 specimina

336 2407 430 2451 fere
464 2407 608 2451 invito
644 2407 806 2452 elicuit.
876 2407 962 2452 Sed
998 2406 1161 2451 tertius
1195 2407 1273 2465 qui
1306 2406 1524 2451 successit
1556 2405 1797 2450 Mauricius
1819 2404 2044 2463 Hauptius
2068 2404 2152 2448 etsi
2175 2419 2288 2448 non-

336 2507 584 2550 numquam
629 2498 864 2551 urgentem
912 2491 1139 2536 scribendi
1188 2475 1501 2567 neces-sitatem
1542 2490 1801 2542 accusabat,
1852 2495 2002 2532 tamen
2051 2503 2140 2531 non
2191 2488 2289 2532 sine

339 2592 492 2620 amore
526 2577 726 2635 quodam
760 2576 848 2621 hoc
882 2591 1025 2636 genus
1059 2575 1309 2621 disserendi
1343 2575 1534 2621 coluisse
1574 2573 1702 2618 facile
1736 2571 1957 2626 creditur,
1999 2586 2089 2630 quo
2130 2571 2292 2631 viginti

336 2677 420 2722 per
454 2677 598 2707 annos
636 2665 742 2707 usus
777 2668 847 2707 est
879 2661 958 2716 ita,
996 2667 1045 2705 ut
1077 2677 1326 2722 peragrans
1359 2661 1404 2705 in
1440 2660 1603 2720 quibus
1637 2657 1955 2702 dominabatur
1986 2656 2161 2701 litteras
2195 2664 2290 2702 tam

337 2761 522 2806 graecas
565 2761 870 2806 romanasque
923 2761 1059 2806 quam
1107 2746 1386 2807 germanicas
1437 2744 1708 2804 scriptorum
1758 2741 2001 2801 praecipue
2047 2741 2292 2786 lectionem

336 2832 491 2877 multis
525 2832 732 2892 partibus
767 2838 847 2876 aut
879 2832 1071 2877 feliciter
1105 2832 1388 2876 emendando
1418 2837 1498 2874 aut
1523 2835 1730 2874 accurate
1753 2827 2026 2886 explicando
2050 2827 2291 2872 adiuvaret

337 2917 646 2975 severitasque
680 2917 789 2962 artis
824 2916 932 2976 quid
968 2933 994 2960 a
1026 2916 1200 2961 lusibus
1228 2915 1396 2974 ingenii
1419 2914 1608 2959 distaret
1633 2911 1839 2971 exemplo
1864 2912 2089 2957 edoceret.
2149 2911 2291 2957 Cuius

335 3000 422 3044 viri
454 3007 560 3059 post
592 3000 787 3045 flebilem
822 3001 997 3045 obitum
1032 3000 1257 3045 noluimus
1291 2999 1411 3043 hunc
1445 2996 1756 3058 prooemia-ndi
1788 3012 1962 3041 morem
1997 2997 2054 3041 ab
2077 2996 2188 3057 ipsis
2211 3013 2292 3063 na-

336 3084 502 3140 talibus
536 3084 843 3129 universitatis
877 3086 1115 3129 durantem
1146 3082 1414 3142 magnisque
1435 3081 1693 3127 nominibus
1716 3081 2052 3141 luculentisque
2074 3080 2294 3142 exemplis

391 3160 395 3166 .
1414 3169 1421 3174 ,
1983 3165 2041 3208 1*
